<record><leader>00000cas a22000007a 4500</leader><controlfield tag="001">23818562</controlfield><controlfield tag="008">910522d19uu1946maudn ne      0    0eng d</controlfield><datafield ind1=" " ind2=" " tag="010"><subfield code="a">sn 91066544 </subfield></datafield><datafield ind1=" " ind2=" " tag="040"><subfield code="a">NYS</subfield><subfield code="b">eng</subfield><subfield code="c">NYS</subfield><subfield code="d">OCLCQ</subfield><subfield code="d">OCLCF</subfield><subfield code="d">OCLCO</subfield><subfield code="d">OCLCA</subfield></datafield><datafield ind1="1" ind2=" " tag="029"><subfield code="a">AU@</subfield><subfield code="b">000025908756</subfield></datafield><datafield ind1=" " ind2=" " tag="042"><subfield code="a">msc</subfield></datafield><datafield ind1=" " ind2=" " tag="043"><subfield code="a">n-us-ma</subfield></datafield><datafield ind1="0" ind2=" " tag="130"><subfield code="a">Springfield evening union (Springfield, Mass. : 1931)</subfield></datafield><datafield ind1="1" ind2="0" tag="245"><subfield code="a">Springfield evening union.</subfield></datafield><datafield ind1="1" ind2="3" tag="246"><subfield code="a">Springfield union</subfield></datafield><datafield ind1="1" ind2="3" tag="246"><subfield code="a">Union</subfield></datafield><datafield ind1=" " ind2=" " tag="260"><subfield code="a">Springfield, Mass. :</subfield><subfield code="b">[Springfield Union]</subfield></datafield><datafield ind1=" " ind2=" " tag="300"><subfield code="a">v.</subfield></datafield><datafield ind1=" " ind2=" " tag="310"><subfield code="a">Daily (except Sunday)</subfield></datafield><datafield ind1="1" ind2=" " tag="362"><subfield code="a">Ceased in Sept. 1946?</subfield></datafield><datafield ind1=" " ind2=" " tag="580"><subfield code="a">Sunday and morning ed: Springfield union (Springfield, Mass. : 1896 : Morning ed.).</subfield></datafield><datafield ind1=" " ind2=" " tag="588"><subfield code="a">Description based on: Vol. 68, no. 191 (July 13, 1931).</subfield></datafield><datafield ind1=" " ind2=" " tag="588"><subfield code="a">Latest issue consulted: Vol. 78, no. 17 (Jan. 20, 1941).</subfield></datafield><datafield ind1=" " ind2="0" tag="651"><subfield code="a">Springfield (Mass.)</subfield><subfield code="v">Newspapers.</subfield></datafield><datafield ind1=" " ind2="7" tag="655"><subfield code="a">Newspapers.</subfield><subfield code="2">fast</subfield><subfield code="0">(OCoLC)fst01423814</subfield></datafield><datafield ind1=" " ind2="7" tag="651"><subfield code="a">Massachusetts</subfield><subfield code="z">Springfield.</subfield><subfield code="2">fast</subfield><subfield code="0">(OCoLC)fst01205519</subfield></datafield><datafield ind1=" " ind2=" " tag="752"><subfield code="a">United States</subfield><subfield code="b">Massachusetts</subfield><subfield code="c">Hampden</subfield><subfield code="d">Springfield.</subfield></datafield><datafield ind1="1" ind2=" " tag="775"><subfield code="t">Springfield union (Springfield, Mass. : 1896 : Morning ed.)</subfield><subfield code="w">(DLC)sn 83045603</subfield></datafield><datafield ind1="0" ind2="0" tag="780"><subfield code="t">Evening union (Springfield, Mass.)</subfield><subfield code="w">(DLC)sn 89062602</subfield><subfield code="w">(OCoLC)23285276</subfield></datafield></record>